<record><leader>00000cas a2200000   4500</leader><controlfield tag="001">5459773</controlfield><controlfield tag="008">791003d19561980azumr ne      0   a0eng c</controlfield><controlfield tag="009">467</controlfield><datafield ind1=" " ind2=" " tag="010"><subfield code="a">sn 79008711 </subfield></datafield><datafield ind1=" " ind2=" " tag="040"><subfield code="a">NSD</subfield><subfield code="b">eng</subfield><subfield code="c">NSD</subfield><subfield code="d">MUL</subfield><subfield code="d">OCL</subfield><subfield code="d">NST</subfield><subfield code="d">ANN</subfield><subfield code="d">NYS</subfield><subfield code="d">CLU</subfield><subfield code="d">OCLCQ</subfield><subfield code="d">GBVCP</subfield><subfield code="d">OCLCF</subfield></datafield><datafield ind1=" " ind2=" " tag="012"><subfield code="l">c</subfield></datafield><datafield ind1=" " ind2=" " tag="015"><subfield code="a">015693600</subfield><subfield code="2">dnb</subfield></datafield><datafield ind1="7" ind2=" " tag="016"><subfield code="a">1037124-2</subfield><subfield code="2">DE-600</subfield></datafield><datafield ind1="7" ind2=" " tag="016"><subfield code="a">015693600</subfield><subfield code="2">de-101</subfield></datafield><datafield ind1="7" ind2=" " tag="016"><subfield code="a">10371242</subfield><subfield code="2">de-600</subfield></datafield><datafield ind1="1" ind2=" " tag="022"><subfield code="a">0560-3439</subfield><subfield code="l">0560-3439</subfield><subfield code="2">1</subfield></datafield><datafield ind1="1" ind2=" " tag="029"><subfield code="a">AU@</subfield><subfield code="b">000020620133</subfield></datafield><datafield ind1="1" ind2=" " tag="029"><subfield code="a">GBVCP</subfield><subfield code="b">170295648</subfield></datafield><datafield ind1=" " ind2=" " tag="042"><subfield code="a">nsdp</subfield><subfield code="a">pcc</subfield></datafield><datafield ind1=" " ind2=" " tag="043"><subfield code="a">n-us-az</subfield></datafield><datafield ind1="1" ind2="4" tag="050"><subfield code="a">E78.A7</subfield><subfield code="b">S66</subfield></datafield><datafield ind1="0" ind2=" " tag="130"><subfield code="a">Smoke signals (Parker, Ariz.)</subfield></datafield><datafield ind1=" " ind2="0" tag="222"><subfield code="a">Smoke signals</subfield><subfield code="b">(Parker)</subfield></datafield><datafield ind1="1" ind2="0" tag="245"><subfield code="a">Smoke signals.</subfield></datafield><datafield ind1=" " ind2=" " tag="260"><subfield code="a">Parker, Ariz.,</subfield><subfield code="b">Colorado River Indian Tribes, 1956-1980.</subfield></datafield><datafield ind1=" " ind2=" " tag="300"><subfield code="a">v.</subfield><subfield code="b">ill.</subfield><subfield code="c">28 cm.</subfield></datafield><datafield ind1=" " ind2=" " tag="310"><subfield code="a">Monthly</subfield></datafield><datafield ind1="0" ind2=" " tag="362"><subfield code="a">Vol. 1, no. 1 (July 1956)-v. 25, no. 11, (June 1980).</subfield></datafield><datafield ind1=" " ind2=" " tag="530"><subfield code="a">Also available on microfiche from Clearwater Pub. Co.</subfield></datafield><datafield ind1=" " ind2="0" tag="651"><subfield code="a">Colorado River Indian Tribes of the Colorado River Indian Reservation, Arizona and California</subfield><subfield code="v">Newspapers.</subfield></datafield><datafield ind1=" " ind2="0" tag="650"><subfield code="a">Indians of North America</subfield><subfield code="z">Arizona</subfield><subfield code="v">Newspapers.</subfield></datafield><datafield ind1=" " ind2="0" tag="651"><subfield code="a">Parker (Ariz.)</subfield><subfield code="v">Newspapers.</subfield></datafield><datafield ind1=" " ind2="0" tag="651"><subfield code="a">Yavapai County (Ariz.)</subfield><subfield code="v">Newspapers.</subfield></datafield><datafield ind1=" " ind2="7" tag="655"><subfield code="a">Newspapers.</subfield><subfield code="2">fast</subfield><subfield code="0">(OCoLC)fst01423814</subfield></datafield><datafield ind1="2" ind2="7" tag="610"><subfield code="a">Colorado River Indian Tribes of the Colorado River Indian Reservation, Arizona and California.</subfield><subfield code="2">fast</subfield><subfield code="0">(OCoLC)fst01715411</subfield></datafield><datafield ind1=" " ind2="7" tag="650"><subfield code="a">Indians of North America.</subfield><subfield code="2">fast</subfield><subfield code="0">(OCoLC)fst00969633</subfield></datafield><datafield ind1=" " ind2="7" tag="651"><subfield code="a">Arizona.</subfield><subfield code="2">fast</subfield><subfield code="0">(OCoLC)fst01204820</subfield></datafield><datafield ind1=" " ind2="7" tag="651"><subfield code="a">Arizona</subfield><subfield code="z">Parker.</subfield><subfield code="2">fast</subfield><subfield code="0">(OCoLC)fst01226552</subfield></datafield><datafield ind1=" " ind2="7" tag="651"><subfield code="a">Arizona</subfield><subfield code="z">Yavapai County.</subfield><subfield code="2">fast</subfield><subfield code="0">(OCoLC)fst01217120</subfield></datafield><datafield ind1="1" ind2=" " tag="710"><subfield code="a">Colorado River Indian Tribes of the Colorado River Indian Reservation, Arizona and California.</subfield></datafield><datafield ind1=" " ind2=" " tag="752"><subfield code="a">United States</subfield><subfield code="b">Arizona</subfield><subfield code="c">Yavapai</subfield><subfield code="d">Parker.</subfield></datafield><datafield ind1="0" ind2=" " tag="776"><subfield code="t">Smoke signals (Parker, Ariz.)</subfield><subfield code="w">(DLC)  2004238076</subfield><subfield code="w">(OCoLC)8422996</subfield></datafield><datafield ind1="0" ind2="8" tag="776"><subfield code="i">Online version:</subfield><subfield code="t">Smoke signals (Parker, Ariz.)</subfield><subfield code="w">(OCoLC)608727989</subfield></datafield></record>